%YAML 1.1
%TAG !u! tag:unity3d.com,2011:
--- !u!114 &-5189424992122932988
MonoBehaviour:
  m_ObjectHideFlags: 1
  m_CorrespondingSourceObject: {fileID: 0}
  m_PrefabInstance: {fileID: 0}
  m_PrefabAsset: {fileID: 0}
  m_GameObject: {fileID: 0}
  m_Enabled: 1
  m_EditorHideFlags: 0
  m_Script: {fileID: 11500000, guid: 840a439e06374673a9115ed02deb5a54, type: 3}
  m_Name: UINode
  m_EditorClassIdentifier: 
  ErrorNodeNameIsEmpty: 0
  ErrorDuplicateNameFoundInGraph: 0
  m_inputSockets:
  - m_connectionMode: 1
    m_connections:
    - m_inputConnectionPoint: {x: 202, y: 4}
      m_outputConnectionPoint: {x: 202, y: 4}
      m_id: 1fde9e62-d12a-4be3-936a-d6eb1134cb65
      m_inputNodeId: 14e9a6e6-2629-49d9-a288-c0a0e9af54a6
      m_inputSocketId: 05391156-4820-4c13-841f-18ec5335213c
      m_outputNodeId: 5cfec625-52b1-4eaf-906c-de90b3a255e2
      m_outputSocketId: 5f6d8024-c32b-4d1a-aebc-650537d8b1a3
    - m_inputConnectionPoint: {x: 202, y: 4}
      m_outputConnectionPoint: {x: 202, y: 4}
      m_id: c7bd8d39-15d2-4ca4-9f33-cc257ea2f053
      m_inputNodeId: 14e9a6e6-2629-49d9-a288-c0a0e9af54a6
      m_inputSocketId: 05391156-4820-4c13-841f-18ec5335213c
      m_outputNodeId: 7dc19b1e-865b-4705-af7c-20bff4c06fe3
      m_outputSocketId: 08db4f20-86f4-47bf-963d-ae0f18826866
    m_connectionPoints:
    - {x: -2, y: 4}
    - {x: 202, y: 4}
    m_direction: 0
    m_canBeDeleted: 0
    m_canBeReordered: 0
    m_curveModifier: 0
    m_height: 24
    m_width: 216
    m_x: 0
    m_y: 38
    m_id: 05391156-4820-4c13-841f-18ec5335213c
    m_nodeId: 14e9a6e6-2629-49d9-a288-c0a0e9af54a6
    m_socketName: InputSocket_0
    m_value: '{"ButtonCategory":"General","ButtonName":"Unnamed","GameEvent":"","TimeDelay":3.0,"Trigger":0}'
    m_valueTypeQualifiedName: Doozy.Engine.UI.Connections.UIConnection, Assembly-CSharp,
      Version=0.0.0.0, Culture=neutral, PublicKeyToken=null
  m_outputSockets:
  - m_connectionMode: 0
    m_connections:
    - m_inputConnectionPoint: {x: 202, y: 4}
      m_outputConnectionPoint: {x: 202, y: 4}
      m_id: d2244590-b868-449e-ac3d-edd5e9e7961c
      m_inputNodeId: 7dc19b1e-865b-4705-af7c-20bff4c06fe3
      m_inputSocketId: e5096b9e-a8e4-45a3-965c-906f1ad20d9a
      m_outputNodeId: 14e9a6e6-2629-49d9-a288-c0a0e9af54a6
      m_outputSocketId: 7e47917a-bdf0-466f-812a-05a5d059ed7a
    m_connectionPoints:
    - {x: -2, y: 4}
    - {x: 202, y: 4}
    m_direction: 1
    m_canBeDeleted: 1
    m_canBeReordered: 1
    m_curveModifier: 0
    m_height: 24
    m_width: 216
    m_x: 0
    m_y: 62
    m_id: 7e47917a-bdf0-466f-812a-05a5d059ed7a
    m_nodeId: 14e9a6e6-2629-49d9-a288-c0a0e9af54a6
    m_socketName: OutputSocket_0
    m_value: '{"ButtonCategory":"Movimentation","ButtonName":"Right","GameEvent":"","TimeDelay":3.0,"Trigger":0}'
    m_valueTypeQualifiedName: Doozy.Engine.UI.Connections.UIConnection, Assembly-CSharp,
      Version=0.0.0.0, Culture=neutral, PublicKeyToken=null
  - m_connectionMode: 0
    m_connections:
    - m_inputConnectionPoint: {x: 202, y: 4}
      m_outputConnectionPoint: {x: 202, y: 4}
      m_id: 700dae1a-c74d-45cc-ab5b-3baa19f9552b
      m_inputNodeId: 5cfec625-52b1-4eaf-906c-de90b3a255e2
      m_inputSocketId: 221abfa4-2c59-4546-8e55-70eff02fec53
      m_outputNodeId: 14e9a6e6-2629-49d9-a288-c0a0e9af54a6
      m_outputSocketId: 2590a725-cbf2-45f2-960e-b6700f8d9b79
    m_connectionPoints:
    - {x: -2, y: 4}
    - {x: 202, y: 4}
    m_direction: 1
    m_canBeDeleted: 1
    m_canBeReordered: 1
    m_curveModifier: 0
    m_height: 24
    m_width: 216
    m_x: 0
    m_y: 86
    m_id: 2590a725-cbf2-45f2-960e-b6700f8d9b79
    m_nodeId: 14e9a6e6-2629-49d9-a288-c0a0e9af54a6
    m_socketName: OutputSocket_1
    m_value: '{"ButtonCategory":"Movimentation","ButtonName":"Left","GameEvent":"","TimeDelay":3.0,"Trigger":0}'
    m_valueTypeQualifiedName: Doozy.Engine.UI.Connections.UIConnection, Assembly-CSharp,
      Version=0.0.0.0, Culture=neutral, PublicKeyToken=null
  m_nodeType: 4
  m_allowDuplicateNodeName: 0
  m_allowEmptyNodeName: 0
  m_canBeDeleted: 1
  m_debugMode: 0
  m_useFixedUpdate: 0
  m_useLateUpdate: 0
  m_useUpdate: 0
  m_height: 152
  m_width: 216
  m_x: 672
  m_y: 540
  m_minimumInputSocketsCount: 1
  m_minimumOutputSocketsCount: 1
  m_graphId: 695c2f00-2034-4562-9f24-39d9cfdaaf8d
  m_id: 14e9a6e6-2629-49d9-a288-c0a0e9af54a6
  m_name: NormalWallSouth
  m_notes: 
  m_onEnterShowViews:
  - Category: Walls
    InstantAction: 0
    Name: NormalWallSouth
  m_onEnterHideViews: []
  m_onExitShowViews: []
  m_onExitHideViews:
  - Category: Walls
    InstantAction: 0
    Name: NormalWallSouth
--- !u!114 &-1373725110350054051
MonoBehaviour:
  m_ObjectHideFlags: 1
  m_CorrespondingSourceObject: {fileID: 0}
  m_PrefabInstance: {fileID: 0}
  m_PrefabAsset: {fileID: 0}
  m_GameObject: {fileID: 0}
  m_Enabled: 1
  m_EditorHideFlags: 0
  m_Script: {fileID: 11500000, guid: 840a439e06374673a9115ed02deb5a54, type: 3}
  m_Name: UINode
  m_EditorClassIdentifier: 
  ErrorNodeNameIsEmpty: 0
  ErrorDuplicateNameFoundInGraph: 0
  m_inputSockets:
  - m_connectionMode: 1
    m_connections:
    - m_inputConnectionPoint: {x: 202, y: 4}
      m_outputConnectionPoint: {x: 202, y: 4}
      m_id: d2244590-b868-449e-ac3d-edd5e9e7961c
      m_inputNodeId: 7dc19b1e-865b-4705-af7c-20bff4c06fe3
      m_inputSocketId: e5096b9e-a8e4-45a3-965c-906f1ad20d9a
      m_outputNodeId: 14e9a6e6-2629-49d9-a288-c0a0e9af54a6
      m_outputSocketId: 7e47917a-bdf0-466f-812a-05a5d059ed7a
    - m_inputConnectionPoint: {x: -2, y: 4}
      m_outputConnectionPoint: {x: 202, y: 4}
      m_id: 72bd492e-eec3-4374-a86e-577ee1199a44
      m_inputNodeId: 7dc19b1e-865b-4705-af7c-20bff4c06fe3
      m_inputSocketId: e5096b9e-a8e4-45a3-965c-906f1ad20d9a
      m_outputNodeId: 979015a9-9aae-4ebd-b83f-110d5e87ad56
      m_outputSocketId: cf63b6a6-8a0c-41b2-b33f-41e564005963
    - m_inputConnectionPoint: {x: 202, y: 4}
      m_outputConnectionPoint: {x: 202, y: 4}
      m_id: 40e35257-2723-4802-ba84-ccb65c27f85d
      m_inputNodeId: 7dc19b1e-865b-4705-af7c-20bff4c06fe3
      m_inputSocketId: e5096b9e-a8e4-45a3-965c-906f1ad20d9a
      m_outputNodeId: 7e009496-6637-4b7b-a4b6-4817304d2bad
      m_outputSocketId: f0f3d23f-fc26-46c5-8d52-b9104a0a17ad
    - m_inputConnectionPoint: {x: 202, y: 4}
      m_outputConnectionPoint: {x: -2, y: 4}
      m_id: bb72e7cf-97f4-4de5-8535-17392f18fae5
      m_inputNodeId: 7dc19b1e-865b-4705-af7c-20bff4c06fe3
      m_inputSocketId: e5096b9e-a8e4-45a3-965c-906f1ad20d9a
      m_outputNodeId: 124a4324-7ba1-4025-91ea-aab5bdb5c3de
      m_outputSocketId: 8d2cafa0-f51d-4999-8eb0-86c06149d032
    m_connectionPoints:
    - {x: -2, y: 4}
    - {x: 202, y: 4}
    m_direction: 0
    m_canBeDeleted: 0
    m_canBeReordered: 0
    m_curveModifier: 0
    m_height: 24
    m_width: 216
    m_x: 0
    m_y: 38
    m_id: e5096b9e-a8e4-45a3-965c-906f1ad20d9a
    m_nodeId: 7dc19b1e-865b-4705-af7c-20bff4c06fe3
    m_socketName: InputSocket_0
    m_value: '{"ButtonCategory":"General","ButtonName":"Unnamed","GameEvent":"","TimeDelay":3.0,"Trigger":0}'
    m_valueTypeQualifiedName: Doozy.Engine.UI.Connections.UIConnection, Assembly-CSharp,
      Version=0.0.0.0, Culture=neutral, PublicKeyToken=null
  m_outputSockets:
  - m_connectionMode: 0
    m_connections:
    - m_inputConnectionPoint: {x: 202, y: 4}
      m_outputConnectionPoint: {x: -2, y: 4}
      m_id: 8928bc39-1d82-4122-b2c3-d377518167c7
      m_inputNodeId: 979015a9-9aae-4ebd-b83f-110d5e87ad56
      m_inputSocketId: 2c9c8064-df8e-4e55-b601-388bc17b262d
      m_outputNodeId: 7dc19b1e-865b-4705-af7c-20bff4c06fe3
      m_outputSocketId: 77cce091-5666-4194-8010-5b85b7821fcb
    m_connectionPoints:
    - {x: -2, y: 4}
    - {x: 202, y: 4}
    m_direction: 1
    m_canBeDeleted: 1
    m_canBeReordered: 1
    m_curveModifier: 0
    m_height: 24
    m_width: 216
    m_x: 0
    m_y: 62
    m_id: 77cce091-5666-4194-8010-5b85b7821fcb
    m_nodeId: 7dc19b1e-865b-4705-af7c-20bff4c06fe3
    m_socketName: OutputSocket_0
    m_value: '{"ButtonCategory":"Movimentation","ButtonName":"Right","GameEvent":"","TimeDelay":3.0,"Trigger":0}'
    m_valueTypeQualifiedName: Doozy.Engine.UI.Connections.UIConnection, Assembly-CSharp,
      Version=0.0.0.0, Culture=neutral, PublicKeyToken=null
  - m_connectionMode: 0
    m_connections:
    - m_inputConnectionPoint: {x: 202, y: 4}
      m_outputConnectionPoint: {x: 202, y: 4}
      m_id: c7bd8d39-15d2-4ca4-9f33-cc257ea2f053
      m_inputNodeId: 14e9a6e6-2629-49d9-a288-c0a0e9af54a6
      m_inputSocketId: 05391156-4820-4c13-841f-18ec5335213c
      m_outputNodeId: 7dc19b1e-865b-4705-af7c-20bff4c06fe3
      m_outputSocketId: 08db4f20-86f4-47bf-963d-ae0f18826866
    m_connectionPoints:
    - {x: -2, y: 4}
    - {x: 202, y: 4}
    m_direction: 1
    m_canBeDeleted: 1
    m_canBeReordered: 1
    m_curveModifier: 0
    m_height: 24
    m_width: 216
    m_x: 0
    m_y: 86
    m_id: 08db4f20-86f4-47bf-963d-ae0f18826866
    m_nodeId: 7dc19b1e-865b-4705-af7c-20bff4c06fe3
    m_socketName: OutputSocket_1
    m_value: '{"ButtonCategory":"Movimentation","ButtonName":"Left","GameEvent":"","TimeDelay":3.0,"Trigger":0}'
    m_valueTypeQualifiedName: Doozy.Engine.UI.Connections.UIConnection, Assembly-CSharp,
      Version=0.0.0.0, Culture=neutral, PublicKeyToken=null
  - m_connectionMode: 0
    m_connections:
    - m_inputConnectionPoint: {x: 202, y: 4}
      m_outputConnectionPoint: {x: 202, y: 4}
      m_id: 4f7882b8-993c-47b1-8f5a-25f546d199b8
      m_inputNodeId: 7e009496-6637-4b7b-a4b6-4817304d2bad
      m_inputSocketId: 81766e3b-4652-4348-833f-3bdd89e41e98
      m_outputNodeId: 7dc19b1e-865b-4705-af7c-20bff4c06fe3
      m_outputSocketId: 99c79533-c1f8-4942-a8a0-9bbb34322a14
    m_connectionPoints:
    - {x: -2, y: 4}
    - {x: 202, y: 4}
    m_direction: 1
    m_canBeDeleted: 1
    m_canBeReordered: 1
    m_curveModifier: 0
    m_height: 24
    m_width: 216
    m_x: 0
    m_y: 110
    m_id: 99c79533-c1f8-4942-a8a0-9bbb34322a14
    m_nodeId: 7dc19b1e-865b-4705-af7c-20bff4c06fe3
    m_socketName: OutputSocket_2
    m_value: '{"ButtonCategory":"Objects","ButtonName":"WestMirror","GameEvent":"","TimeDelay":3.0,"Trigger":0}'
    m_valueTypeQualifiedName: Doozy.Engine.UI.Connections.UIConnection, Assembly-CSharp,
      Version=0.0.0.0, Culture=neutral, PublicKeyToken=null
  - m_connectionMode: 0
    m_connections:
    - m_inputConnectionPoint: {x: -2, y: 4}
      m_outputConnectionPoint: {x: 202, y: 4}
      m_id: ae2a2f29-7778-42e7-94fb-6369ba8fb83d
      m_inputNodeId: 124a4324-7ba1-4025-91ea-aab5bdb5c3de
      m_inputSocketId: a7f1a43e-7f2e-46b6-9e41-496a9051043b
      m_outputNodeId: 7dc19b1e-865b-4705-af7c-20bff4c06fe3
      m_outputSocketId: 01f99d94-9ae9-42d8-9dc3-25baf081ece4
    m_connectionPoints:
    - {x: -2, y: 4}
    - {x: 202, y: 4}
    m_direction: 1
    m_canBeDeleted: 1
    m_canBeReordered: 1
    m_curveModifier: 0
    m_height: 24
    m_width: 216
    m_x: 0
    m_y: 134
    m_id: 01f99d94-9ae9-42d8-9dc3-25baf081ece4
    m_nodeId: 7dc19b1e-865b-4705-af7c-20bff4c06fe3
    m_socketName: OutputSocket_3
    m_value: '{"ButtonCategory":"Objects","ButtonName":"ZoomInChest","GameEvent":"","TimeDelay":3.0,"Trigger":0}'
    m_valueTypeQualifiedName: Doozy.Engine.UI.Connections.UIConnection, Assembly-CSharp,
      Version=0.0.0.0, Culture=neutral, PublicKeyToken=null
  m_nodeType: 4
  m_allowDuplicateNodeName: 0
  m_allowEmptyNodeName: 0
  m_canBeDeleted: 1
  m_debugMode: 0
  m_useFixedUpdate: 0
  m_useLateUpdate: 0
  m_useUpdate: 0
  m_height: 200
  m_width: 216
  m_x: 684
  m_y: 756
  m_minimumInputSocketsCount: 1
  m_minimumOutputSocketsCount: 1
  m_graphId: 695c2f00-2034-4562-9f24-39d9cfdaaf8d
  m_id: 7dc19b1e-865b-4705-af7c-20bff4c06fe3
  m_name: NormalWallWest
  m_notes: 
  m_onEnterShowViews:
  - Category: Walls
    InstantAction: 0
    Name: NormalWallWest
  m_onEnterHideViews: []
  m_onExitShowViews: []
  m_onExitHideViews:
  - Category: Walls
    InstantAction: 0
    Name: NormalWallWest
--- !u!114 &-1025173286419322261
MonoBehaviour:
  m_ObjectHideFlags: 1
  m_CorrespondingSourceObject: {fileID: 0}
  m_PrefabInstance: {fileID: 0}
  m_PrefabAsset: {fileID: 0}
  m_GameObject: {fileID: 0}
  m_Enabled: 1
  m_EditorHideFlags: 0
  m_Script: {fileID: 11500000, guid: 840a439e06374673a9115ed02deb5a54, type: 3}
  m_Name: UINode
  m_EditorClassIdentifier: 
  ErrorNodeNameIsEmpty: 0
  ErrorDuplicateNameFoundInGraph: 0
  m_inputSockets:
  - m_connectionMode: 1
    m_connections:
    - m_inputConnectionPoint: {x: 202, y: 4}
      m_outputConnectionPoint: {x: -2, y: 4}
      m_id: 5e76430d-d2ab-47df-a474-c8bfabcf2311
      m_inputNodeId: ecd8c6be-84a1-466f-974b-3aa9d2e76f2e
      m_inputSocketId: 5861a42c-c8f4-4353-adb4-f71af8200ddb
      m_outputNodeId: 89118f84-77b8-4a12-8911-3e1f77150ecf
      m_outputSocketId: 3e898870-fd6e-4bb6-b4ad-ef439f606d5c
    - m_inputConnectionPoint: {x: 202, y: 4}
      m_outputConnectionPoint: {x: -2, y: 4}
      m_id: 220acdfc-610f-4206-8893-48e70c410f22
      m_inputNodeId: ecd8c6be-84a1-466f-974b-3aa9d2e76f2e
      m_inputSocketId: 5861a42c-c8f4-4353-adb4-f71af8200ddb
      m_outputNodeId: 7e009496-6637-4b7b-a4b6-4817304d2bad
      m_outputSocketId: f7c492ac-30bb-4242-a35c-9826bb4f68e3
    - m_inputConnectionPoint: {x: 202, y: 4}
      m_outputConnectionPoint: {x: 202, y: 4}
      m_id: 1578aafb-1f50-4914-bd01-71425000c4ba
      m_inputNodeId: ecd8c6be-84a1-466f-974b-3aa9d2e76f2e
      m_inputSocketId: 5861a42c-c8f4-4353-adb4-f71af8200ddb
      m_outputNodeId: 979015a9-9aae-4ebd-b83f-110d5e87ad56
      m_outputSocketId: e1549203-6201-4531-8c28-d23aaf52f265
    m_connectionPoints:
    - {x: -2, y: 4}
    - {x: 202, y: 4}
    m_direction: 0
    m_canBeDeleted: 0
    m_canBeReordered: 0
    m_curveModifier: 0
    m_height: 24
    m_width: 216
    m_x: 0
    m_y: 38
    m_id: 5861a42c-c8f4-4353-adb4-f71af8200ddb
    m_nodeId: ecd8c6be-84a1-466f-974b-3aa9d2e76f2e
    m_socketName: InputSocket_0
    m_value: '{"ButtonCategory":"General","ButtonName":"Unnamed","GameEvent":"","TimeDelay":3.0,"Trigger":0}'
    m_valueTypeQualifiedName: Doozy.Engine.UI.Connections.UIConnection, Assembly-CSharp,
      Version=0.0.0.0, Culture=neutral, PublicKeyToken=null
  m_outputSockets:
  - m_connectionMode: 0
    m_connections:
    - m_inputConnectionPoint: {x: -2, y: 4}
      m_outputConnectionPoint: {x: 202, y: 4}
      m_id: 400315a0-d473-4ec0-9cf0-76402cc19659
      m_inputNodeId: 89118f84-77b8-4a12-8911-3e1f77150ecf
      m_inputSocketId: 947fd943-13b1-4ed0-9b96-fb8eb3989d35
      m_outputNodeId: ecd8c6be-84a1-466f-974b-3aa9d2e76f2e
      m_outputSocketId: ec9aed48-03e4-41ba-8bb3-fe379d39bd58
    m_connectionPoints:
    - {x: -2, y: 4}
    - {x: 202, y: 4}
    m_direction: 1
    m_canBeDeleted: 1
    m_canBeReordered: 1
    m_curveModifier: 0
    m_height: 24
    m_width: 216
    m_x: 0
    m_y: 62
    m_id: ec9aed48-03e4-41ba-8bb3-fe379d39bd58
    m_nodeId: ecd8c6be-84a1-466f-974b-3aa9d2e76f2e
    m_socketName: OutputSocket_0
    m_value: '{"ButtonCategory":"Movimentation","ButtonName":"Right","GameEvent":"","TimeDelay":3.0,"Trigger":0}'
    m_valueTypeQualifiedName: Doozy.Engine.UI.Connections.UIConnection, Assembly-CSharp,
      Version=0.0.0.0, Culture=neutral, PublicKeyToken=null
  - m_connectionMode: 0
    m_connections:
    - m_inputConnectionPoint: {x: -2, y: 4}
      m_outputConnectionPoint: {x: 202, y: 4}
      m_id: 4c50eabb-8b55-4289-b37c-a6bec01bea85
      m_inputNodeId: 7e009496-6637-4b7b-a4b6-4817304d2bad
      m_inputSocketId: 81766e3b-4652-4348-833f-3bdd89e41e98
      m_outputNodeId: ecd8c6be-84a1-466f-974b-3aa9d2e76f2e
      m_outputSocketId: 4499461b-27dc-4079-822f-08b07b85ebcd
    m_connectionPoints:
    - {x: -2, y: 4}
    - {x: 202, y: 4}
    m_direction: 1
    m_canBeDeleted: 1
    m_canBeReordered: 1
    m_curveModifier: 0
    m_height: 24
    m_width: 216
    m_x: 0
    m_y: 86
    m_id: 4499461b-27dc-4079-822f-08b07b85ebcd
    m_nodeId: ecd8c6be-84a1-466f-974b-3aa9d2e76f2e
    m_socketName: OutputSocket_1
    m_value: '{"ButtonCategory":"Movimentation","ButtonName":"Left","GameEvent":"","TimeDelay":3.0,"Trigger":0}'
    m_valueTypeQualifiedName: Doozy.Engine.UI.Connections.UIConnection, Assembly-CSharp,
      Version=0.0.0.0, Culture=neutral, PublicKeyToken=null
  - m_connectionMode: 0
    m_connections:
    - m_inputConnectionPoint: {x: 202, y: 4}
      m_outputConnectionPoint: {x: 202, y: 4}
      m_id: 2ed17865-7733-4ff1-b28d-5826d1320a36
      m_inputNodeId: 979015a9-9aae-4ebd-b83f-110d5e87ad56
      m_inputSocketId: 2c9c8064-df8e-4e55-b601-388bc17b262d
      m_outputNodeId: ecd8c6be-84a1-466f-974b-3aa9d2e76f2e
      m_outputSocketId: d181a8be-3090-4cf8-acbe-43944cc9b46e
    m_connectionPoints:
    - {x: -2, y: 4}
    - {x: 202, y: 4}
    m_direction: 1
    m_canBeDeleted: 1
    m_canBeReordered: 1
    m_curveModifier: 0
    m_height: 24
    m_width: 216
    m_x: 0
    m_y: 110
    m_id: d181a8be-3090-4cf8-acbe-43944cc9b46e
    m_nodeId: ecd8c6be-84a1-466f-974b-3aa9d2e76f2e
    m_socketName: OutputSocket_2
    m_value: '{"ButtonCategory":"Objects","ButtonName":"NorthMirror","GameEvent":"","TimeDelay":3.0,"Trigger":0}'
    m_valueTypeQualifiedName: Doozy.Engine.UI.Connections.UIConnection, Assembly-CSharp,
      Version=0.0.0.0, Culture=neutral, PublicKeyToken=null
  m_nodeType: 4
  m_allowDuplicateNodeName: 0
  m_allowEmptyNodeName: 0
  m_canBeDeleted: 1
  m_debugMode: 0
  m_useFixedUpdate: 0
  m_useLateUpdate: 0
  m_useUpdate: 0
  m_height: 176
  m_width: 216
  m_x: 96
  m_y: 972
  m_minimumInputSocketsCount: 1
  m_minimumOutputSocketsCount: 1
  m_graphId: 695c2f00-2034-4562-9f24-39d9cfdaaf8d
  m_id: ecd8c6be-84a1-466f-974b-3aa9d2e76f2e
  m_name: EvilWallNorth
  m_notes: 
  m_onEnterShowViews:
  - Category: Walls
    InstantAction: 0
    Name: EvilWallNorth
  m_onEnterHideViews: []
  m_onExitShowViews: []
  m_onExitHideViews:
  - Category: Walls
    InstantAction: 0
    Name: EvilWallNorth
--- !u!114 &11400000
MonoBehaviour:
  m_ObjectHideFlags: 0
  m_CorrespondingSourceObject: {fileID: 0}
  m_PrefabInstance: {fileID: 0}
  m_PrefabAsset: {fileID: 0}
  m_GameObject: {fileID: 0}
  m_Enabled: 1
  m_EditorHideFlags: 0
  m_Script: {fileID: 11500000, guid: e021c5c27274514469ad2992883d55db, type: 3}
  m_Name: MainGameGraph
  m_EditorClassIdentifier: 
  DebugMode: 0
  m_nodes:
  - {fileID: -1025173286419322261}
  - {fileID: 681679295779561471}
  - {fileID: 4376704952492522371}
  - {fileID: 5348925721734304018}
  - {fileID: 5445289334148340767}
  - {fileID: 25879327691135817}
  - {fileID: 1787417640334152338}
  - {fileID: -5189424992122932988}
  - {fileID: -1373725110350054051}
  - {fileID: 5891976509608780554}
  m_isSubGraph: 0
  m_version: 1
  m_description: 
  m_id: 695c2f00-2034-4562-9f24-39d9cfdaaf8d
  m_lastModified: 132876354425311987
--- !u!114 &25879327691135817
MonoBehaviour:
  m_ObjectHideFlags: 1
  m_CorrespondingSourceObject: {fileID: 0}
  m_PrefabInstance: {fileID: 0}
  m_PrefabAsset: {fileID: 0}
  m_GameObject: {fileID: 0}
  m_Enabled: 1
  m_EditorHideFlags: 0
  m_Script: {fileID: 11500000, guid: 840a439e06374673a9115ed02deb5a54, type: 3}
  m_Name: UINode
  m_EditorClassIdentifier: 
  ErrorNodeNameIsEmpty: 0
  ErrorDuplicateNameFoundInGraph: 0
  m_inputSockets:
  - m_connectionMode: 1
    m_connections:
    - m_inputConnectionPoint: {x: -2, y: 4}
      m_outputConnectionPoint: {x: 106, y: 4}
      m_id: 03f0fbc2-e1a7-417b-875a-70fe3ea95c18
      m_inputNodeId: 979015a9-9aae-4ebd-b83f-110d5e87ad56
      m_inputSocketId: 2c9c8064-df8e-4e55-b601-388bc17b262d
      m_outputNodeId: 93a02258-836f-4952-9e8a-5427d9a8d08a
      m_outputSocketId: 908665bf-a5d2-4ede-bb90-43be298da264
    - m_inputConnectionPoint: {x: 202, y: 4}
      m_outputConnectionPoint: {x: -2, y: 4}
      m_id: e024adfc-7332-438e-9b89-1987ec7a1e74
      m_inputNodeId: 979015a9-9aae-4ebd-b83f-110d5e87ad56
      m_inputSocketId: 2c9c8064-df8e-4e55-b601-388bc17b262d
      m_outputNodeId: 5cfec625-52b1-4eaf-906c-de90b3a255e2
      m_outputSocketId: 308dc657-427e-4609-b6ea-0965b90ece13
    - m_inputConnectionPoint: {x: 202, y: 4}
      m_outputConnectionPoint: {x: -2, y: 4}
      m_id: 8928bc39-1d82-4122-b2c3-d377518167c7
      m_inputNodeId: 979015a9-9aae-4ebd-b83f-110d5e87ad56
      m_inputSocketId: 2c9c8064-df8e-4e55-b601-388bc17b262d
      m_outputNodeId: 7dc19b1e-865b-4705-af7c-20bff4c06fe3
      m_outputSocketId: 77cce091-5666-4194-8010-5b85b7821fcb
    - m_inputConnectionPoint: {x: 202, y: 4}
      m_outputConnectionPoint: {x: 202, y: 4}
      m_id: 2ed17865-7733-4ff1-b28d-5826d1320a36
      m_inputNodeId: 979015a9-9aae-4ebd-b83f-110d5e87ad56
      m_inputSocketId: 2c9c8064-df8e-4e55-b601-388bc17b262d
      m_outputNodeId: ecd8c6be-84a1-466f-974b-3aa9d2e76f2e
      m_outputSocketId: d181a8be-3090-4cf8-acbe-43944cc9b46e
    m_connectionPoints:
    - {x: -2, y: 4}
    - {x: 202, y: 4}
    m_direction: 0
    m_canBeDeleted: 0
    m_canBeReordered: 0
    m_curveModifier: 0
    m_height: 24
    m_width: 216
    m_x: 0
    m_y: 38
    m_id: 2c9c8064-df8e-4e55-b601-388bc17b262d
    m_nodeId: 979015a9-9aae-4ebd-b83f-110d5e87ad56
    m_socketName: InputSocket_0
    m_value: '{"ButtonCategory":"General","ButtonName":"Unnamed","GameEvent":"","TimeDelay":3.0,"Trigger":0}'
    m_valueTypeQualifiedName: Doozy.Engine.UI.Connections.UIConnection, Assembly-CSharp,
      Version=0.0.0.0, Culture=neutral, PublicKeyToken=null
  m_outputSockets:
  - m_connectionMode: 0
    m_connections:
    - m_inputConnectionPoint: {x: -2, y: 4}
      m_outputConnectionPoint: {x: 202, y: 4}
      m_id: 2661848b-07a8-4fec-885c-21571f6054fb
      m_inputNodeId: 5cfec625-52b1-4eaf-906c-de90b3a255e2
      m_inputSocketId: 221abfa4-2c59-4546-8e55-70eff02fec53
      m_outputNodeId: 979015a9-9aae-4ebd-b83f-110d5e87ad56
      m_outputSocketId: 989bda07-d065-4d30-9ef8-752ebae9d081
    m_connectionPoints:
    - {x: -2, y: 4}
    - {x: 202, y: 4}
    m_direction: 1
    m_canBeDeleted: 1
    m_canBeReordered: 1
    m_curveModifier: 0
    m_height: 24
    m_width: 216
    m_x: 0
    m_y: 62
    m_id: 989bda07-d065-4d30-9ef8-752ebae9d081
    m_nodeId: 979015a9-9aae-4ebd-b83f-110d5e87ad56
    m_socketName: OutputSocket_0
    m_value: '{"ButtonCategory":"Movimentation","ButtonName":"Right","GameEvent":"","TimeDelay":3.0,"Trigger":0}'
    m_valueTypeQualifiedName: Doozy.Engine.UI.Connections.UIConnection, Assembly-CSharp,
      Version=0.0.0.0, Culture=neutral, PublicKeyToken=null
  - m_connectionMode: 0
    m_connections:
    - m_inputConnectionPoint: {x: -2, y: 4}
      m_outputConnectionPoint: {x: 202, y: 4}
      m_id: 72bd492e-eec3-4374-a86e-577ee1199a44
      m_inputNodeId: 7dc19b1e-865b-4705-af7c-20bff4c06fe3
      m_inputSocketId: e5096b9e-a8e4-45a3-965c-906f1ad20d9a
      m_outputNodeId: 979015a9-9aae-4ebd-b83f-110d5e87ad56
      m_outputSocketId: cf63b6a6-8a0c-41b2-b33f-41e564005963
    m_connectionPoints:
    - {x: -2, y: 4}
    - {x: 202, y: 4}
    m_direction: 1
    m_canBeDeleted: 1
    m_canBeReordered: 1
    m_curveModifier: 0
    m_height: 24
    m_width: 216
    m_x: 0
    m_y: 86
    m_id: cf63b6a6-8a0c-41b2-b33f-41e564005963
    m_nodeId: 979015a9-9aae-4ebd-b83f-110d5e87ad56
    m_socketName: OutputSocket_1
    m_value: '{"ButtonCategory":"Movimentation","ButtonName":"Left","GameEvent":"","TimeDelay":3.0,"Trigger":0}'
    m_valueTypeQualifiedName: Doozy.Engine.UI.Connections.UIConnection, Assembly-CSharp,
      Version=0.0.0.0, Culture=neutral, PublicKeyToken=null
  - m_connectionMode: 0
    m_connections:
    - m_inputConnectionPoint: {x: 202, y: 4}
      m_outputConnectionPoint: {x: 202, y: 4}
      m_id: 1578aafb-1f50-4914-bd01-71425000c4ba
      m_inputNodeId: ecd8c6be-84a1-466f-974b-3aa9d2e76f2e
      m_inputSocketId: 5861a42c-c8f4-4353-adb4-f71af8200ddb
      m_outputNodeId: 979015a9-9aae-4ebd-b83f-110d5e87ad56
      m_outputSocketId: e1549203-6201-4531-8c28-d23aaf52f265
    m_connectionPoints:
    - {x: -2, y: 4}
    - {x: 202, y: 4}
    m_direction: 1
    m_canBeDeleted: 1
    m_canBeReordered: 1
    m_curveModifier: 0
    m_height: 24
    m_width: 216
    m_x: 0
    m_y: 110
    m_id: e1549203-6201-4531-8c28-d23aaf52f265
    m_nodeId: 979015a9-9aae-4ebd-b83f-110d5e87ad56
    m_socketName: OutputSocket_2
    m_value: '{"ButtonCategory":"Objects","ButtonName":"NorthMirror","GameEvent":"","TimeDelay":3.0,"Trigger":0}'
    m_valueTypeQualifiedName: Doozy.Engine.UI.Connections.UIConnection, Assembly-CSharp,
      Version=0.0.0.0, Culture=neutral, PublicKeyToken=null
  m_nodeType: 4
  m_allowDuplicateNodeName: 0
  m_allowEmptyNodeName: 0
  m_canBeDeleted: 1
  m_debugMode: 0
  m_useFixedUpdate: 0
  m_useLateUpdate: 0
  m_useUpdate: 0
  m_height: 176
  m_width: 216
  m_x: 96
  m_y: 384
  m_minimumInputSocketsCount: 1
  m_minimumOutputSocketsCount: 1
  m_graphId: 695c2f00-2034-4562-9f24-39d9cfdaaf8d
  m_id: 979015a9-9aae-4ebd-b83f-110d5e87ad56
  m_name: NormalWallNorth
  m_notes: 
  m_onEnterShowViews:
  - Category: Walls
    InstantAction: 0
    Name: NormalWallNorth
  m_onEnterHideViews: []
  m_onExitShowViews: []
  m_onExitHideViews:
  - Category: Walls
    InstantAction: 0
    Name: NormalWallNorth
--- !u!114 &681679295779561471
MonoBehaviour:
  m_ObjectHideFlags: 1
  m_CorrespondingSourceObject: {fileID: 0}
  m_PrefabInstance: {fileID: 0}
  m_PrefabAsset: {fileID: 0}
  m_GameObject: {fileID: 0}
  m_Enabled: 1
  m_EditorHideFlags: 0
  m_Script: {fileID: 11500000, guid: 840a439e06374673a9115ed02deb5a54, type: 3}
  m_Name: UINode
  m_EditorClassIdentifier: 
  ErrorNodeNameIsEmpty: 0
  ErrorDuplicateNameFoundInGraph: 0
  m_inputSockets:
  - m_connectionMode: 1
    m_connections:
    - m_inputConnectionPoint: {x: -2, y: 4}
      m_outputConnectionPoint: {x: 202, y: 4}
      m_id: 400315a0-d473-4ec0-9cf0-76402cc19659
      m_inputNodeId: 89118f84-77b8-4a12-8911-3e1f77150ecf
      m_inputSocketId: 947fd943-13b1-4ed0-9b96-fb8eb3989d35
      m_outputNodeId: ecd8c6be-84a1-466f-974b-3aa9d2e76f2e
      m_outputSocketId: ec9aed48-03e4-41ba-8bb3-fe379d39bd58
    - m_inputConnectionPoint: {x: 202, y: 4}
      m_outputConnectionPoint: {x: 202, y: 4}
      m_id: 682200df-5cd3-4a70-8f88-1c4db873458c
      m_inputNodeId: 89118f84-77b8-4a12-8911-3e1f77150ecf
      m_inputSocketId: 947fd943-13b1-4ed0-9b96-fb8eb3989d35
      m_outputNodeId: b23beada-de5c-4d1b-81d6-e93a2db5a140
      m_outputSocketId: 4bf6420b-8259-4c8d-acfe-70b904ed511d
    m_connectionPoints:
    - {x: -2, y: 4}
    - {x: 202, y: 4}
    m_direction: 0
    m_canBeDeleted: 0
    m_canBeReordered: 0
    m_curveModifier: 0
    m_height: 24
    m_width: 216
    m_x: 0
    m_y: 38
    m_id: 947fd943-13b1-4ed0-9b96-fb8eb3989d35
    m_nodeId: 89118f84-77b8-4a12-8911-3e1f77150ecf
    m_socketName: InputSocket_0
    m_value: '{"ButtonCategory":"General","ButtonName":"Unnamed","GameEvent":"","TimeDelay":3.0,"Trigger":0}'
    m_valueTypeQualifiedName: Doozy.Engine.UI.Connections.UIConnection, Assembly-CSharp,
      Version=0.0.0.0, Culture=neutral, PublicKeyToken=null
  m_outputSockets:
  - m_connectionMode: 0
    m_connections:
    - m_inputConnectionPoint: {x: 202, y: 4}
      m_outputConnectionPoint: {x: 202, y: 4}
      m_id: 451f8831-bc2b-496d-8442-36c770a1d6cb
      m_inputNodeId: b23beada-de5c-4d1b-81d6-e93a2db5a140
      m_inputSocketId: 279c6d8d-198f-4b51-bbcb-b1efef92c1c6
      m_outputNodeId: 89118f84-77b8-4a12-8911-3e1f77150ecf
      m_outputSocketId: 461b788f-ec8c-4131-985f-4c93ebb9434f
    m_connectionPoints:
    - {x: -2, y: 4}
    - {x: 202, y: 4}
    m_direction: 1
    m_canBeDeleted: 1
    m_canBeReordered: 1
    m_curveModifier: 0
    m_height: 24
    m_width: 216
    m_x: 0
    m_y: 62
    m_id: 461b788f-ec8c-4131-985f-4c93ebb9434f
    m_nodeId: 89118f84-77b8-4a12-8911-3e1f77150ecf
    m_socketName: OutputSocket_0
    m_value: '{"ButtonCategory":"Movimentation","ButtonName":"Right","GameEvent":"","TimeDelay":3.0,"Trigger":0}'
    m_valueTypeQualifiedName: Doozy.Engine.UI.Connections.UIConnection, Assembly-CSharp,
      Version=0.0.0.0, Culture=neutral, PublicKeyToken=null
  - m_connectionMode: 0
    m_connections:
    - m_inputConnectionPoint: {x: 202, y: 4}
      m_outputConnectionPoint: {x: -2, y: 4}
      m_id: 5e76430d-d2ab-47df-a474-c8bfabcf2311
      m_inputNodeId: ecd8c6be-84a1-466f-974b-3aa9d2e76f2e
      m_inputSocketId: 5861a42c-c8f4-4353-adb4-f71af8200ddb
      m_outputNodeId: 89118f84-77b8-4a12-8911-3e1f77150ecf
      m_outputSocketId: 3e898870-fd6e-4bb6-b4ad-ef439f606d5c
    m_connectionPoints:
    - {x: -2, y: 4}
    - {x: 202, y: 4}
    m_direction: 1
    m_canBeDeleted: 1
    m_canBeReordered: 1
    m_curveModifier: 0
    m_height: 24
    m_width: 216
    m_x: 0
    m_y: 86
    m_id: 3e898870-fd6e-4bb6-b4ad-ef439f606d5c
    m_nodeId: 89118f84-77b8-4a12-8911-3e1f77150ecf
    m_socketName: OutputSocket_1
    m_value: '{"ButtonCategory":"Movimentation","ButtonName":"Left","GameEvent":"","TimeDelay":3.0,"Trigger":0}'
    m_valueTypeQualifiedName: Doozy.Engine.UI.Connections.UIConnection, Assembly-CSharp,
      Version=0.0.0.0, Culture=neutral, PublicKeyToken=null
  m_nodeType: 4
  m_allowDuplicateNodeName: 0
  m_allowEmptyNodeName: 0
  m_canBeDeleted: 1
  m_debugMode: 0
  m_useFixedUpdate: 0
  m_useLateUpdate: 0
  m_useUpdate: 0
  m_height: 152
  m_width: 216
  m_x: 684
  m_y: 972
  m_minimumInputSocketsCount: 1
  m_minimumOutputSocketsCount: 1
  m_graphId: 695c2f00-2034-4562-9f24-39d9cfdaaf8d
  m_id: 89118f84-77b8-4a12-8911-3e1f77150ecf
  m_name: EvilWallEast
  m_notes: 
  m_onEnterShowViews:
  - Category: Walls
    InstantAction: 0
    Name: EvilWallEast
  m_onEnterHideViews: []
  m_onExitShowViews: []
  m_onExitHideViews:
  - Category: Walls
    InstantAction: 0
    Name: EvilWallEast
--- !u!114 &1787417640334152338
MonoBehaviour:
  m_ObjectHideFlags: 1
  m_CorrespondingSourceObject: {fileID: 0}
  m_PrefabInstance: {fileID: 0}
  m_PrefabAsset: {fileID: 0}
  m_GameObject: {fileID: 0}
  m_Enabled: 1
  m_EditorHideFlags: 0
  m_Script: {fileID: 11500000, guid: 840a439e06374673a9115ed02deb5a54, type: 3}
  m_Name: UINode
  m_EditorClassIdentifier: 
  ErrorNodeNameIsEmpty: 0
  ErrorDuplicateNameFoundInGraph: 0
  m_inputSockets:
  - m_connectionMode: 1
    m_connections:
    - m_inputConnectionPoint: {x: -2, y: 4}
      m_outputConnectionPoint: {x: 202, y: 4}
      m_id: 2661848b-07a8-4fec-885c-21571f6054fb
      m_inputNodeId: 5cfec625-52b1-4eaf-906c-de90b3a255e2
      m_inputSocketId: 221abfa4-2c59-4546-8e55-70eff02fec53
      m_outputNodeId: 979015a9-9aae-4ebd-b83f-110d5e87ad56
      m_outputSocketId: 989bda07-d065-4d30-9ef8-752ebae9d081
    - m_inputConnectionPoint: {x: 202, y: 4}
      m_outputConnectionPoint: {x: 202, y: 4}
      m_id: 700dae1a-c74d-45cc-ab5b-3baa19f9552b
      m_inputNodeId: 5cfec625-52b1-4eaf-906c-de90b3a255e2
      m_inputSocketId: 221abfa4-2c59-4546-8e55-70eff02fec53
      m_outputNodeId: 14e9a6e6-2629-49d9-a288-c0a0e9af54a6
      m_outputSocketId: 2590a725-cbf2-45f2-960e-b6700f8d9b79
    m_connectionPoints:
    - {x: -2, y: 4}
    - {x: 202, y: 4}
    m_direction: 0
    m_canBeDeleted: 0
    m_canBeReordered: 0
    m_curveModifier: 0
    m_height: 24
    m_width: 216
    m_x: 0
    m_y: 38
    m_id: 221abfa4-2c59-4546-8e55-70eff02fec53
    m_nodeId: 5cfec625-52b1-4eaf-906c-de90b3a255e2
    m_socketName: InputSocket_0
    m_value: '{"ButtonCategory":"General","ButtonName":"Unnamed","GameEvent":"","TimeDelay":3.0,"Trigger":0}'
    m_valueTypeQualifiedName: Doozy.Engine.UI.Connections.UIConnection, Assembly-CSharp,
      Version=0.0.0.0, Culture=neutral, PublicKeyToken=null
  m_outputSockets:
  - m_connectionMode: 0
    m_connections:
    - m_inputConnectionPoint: {x: 202, y: 4}
      m_outputConnectionPoint: {x: 202, y: 4}
      m_id: 1fde9e62-d12a-4be3-936a-d6eb1134cb65
      m_inputNodeId: 14e9a6e6-2629-49d9-a288-c0a0e9af54a6
      m_inputSocketId: 05391156-4820-4c13-841f-18ec5335213c
      m_outputNodeId: 5cfec625-52b1-4eaf-906c-de90b3a255e2
      m_outputSocketId: 5f6d8024-c32b-4d1a-aebc-650537d8b1a3
    m_connectionPoints:
    - {x: -2, y: 4}
    - {x: 202, y: 4}
    m_direction: 1
    m_canBeDeleted: 1
    m_canBeReordered: 1
    m_curveModifier: 0
    m_height: 24
    m_width: 216
    m_x: 0
    m_y: 62
    m_id: 5f6d8024-c32b-4d1a-aebc-650537d8b1a3
    m_nodeId: 5cfec625-52b1-4eaf-906c-de90b3a255e2
    m_socketName: OutputSocket_0
    m_value: '{"ButtonCategory":"Movimentation","ButtonName":"Right","GameEvent":"","TimeDelay":3.0,"Trigger":0}'
    m_valueTypeQualifiedName: Doozy.Engine.UI.Connections.UIConnection, Assembly-CSharp,
      Version=0.0.0.0, Culture=neutral, PublicKeyToken=null
  - m_connectionMode: 0
    m_connections:
    - m_inputConnectionPoint: {x: 202, y: 4}
      m_outputConnectionPoint: {x: -2, y: 4}
      m_id: e024adfc-7332-438e-9b89-1987ec7a1e74
      m_inputNodeId: 979015a9-9aae-4ebd-b83f-110d5e87ad56
      m_inputSocketId: 2c9c8064-df8e-4e55-b601-388bc17b262d
      m_outputNodeId: 5cfec625-52b1-4eaf-906c-de90b3a255e2
      m_outputSocketId: 308dc657-427e-4609-b6ea-0965b90ece13
    m_connectionPoints:
    - {x: -2, y: 4}
    - {x: 202, y: 4}
    m_direction: 1
    m_canBeDeleted: 1
    m_canBeReordered: 1
    m_curveModifier: 0
    m_height: 24
    m_width: 216
    m_x: 0
    m_y: 86
    m_id: 308dc657-427e-4609-b6ea-0965b90ece13
    m_nodeId: 5cfec625-52b1-4eaf-906c-de90b3a255e2
    m_socketName: OutputSocket_1
    m_value: '{"ButtonCategory":"Movimentation","ButtonName":"Left","GameEvent":"","TimeDelay":3.0,"Trigger":0}'
    m_valueTypeQualifiedName: Doozy.Engine.UI.Connections.UIConnection, Assembly-CSharp,
      Version=0.0.0.0, Culture=neutral, PublicKeyToken=null
  m_nodeType: 4
  m_allowDuplicateNodeName: 0
  m_allowEmptyNodeName: 0
  m_canBeDeleted: 1
  m_debugMode: 0
  m_useFixedUpdate: 0
  m_useLateUpdate: 0
  m_useUpdate: 0
  m_height: 152
  m_width: 216
  m_x: 672
  m_y: 336
  m_minimumInputSocketsCount: 1
  m_minimumOutputSocketsCount: 1
  m_graphId: 695c2f00-2034-4562-9f24-39d9cfdaaf8d
  m_id: 5cfec625-52b1-4eaf-906c-de90b3a255e2
  m_name: NormalWallEast
  m_notes: 
  m_onEnterShowViews:
  - Category: Walls
    InstantAction: 0
    Name: NormalWallEast
  m_onEnterHideViews: []
  m_onExitShowViews: []
  m_onExitHideViews:
  - Category: Walls
    InstantAction: 0
    Name: NormalWallEast
--- !u!114 &2276290657498529903
MonoBehaviour:
  m_ObjectHideFlags: 1
  m_CorrespondingSourceObject: {fileID: 0}
  m_PrefabInstance: {fileID: 0}
  m_PrefabAsset: {fileID: 0}
  m_GameObject: {fileID: 0}
  m_Enabled: 1
  m_EditorHideFlags: 0
  m_Script: {fileID: 11500000, guid: 840a439e06374673a9115ed02deb5a54, type: 3}
  m_Name: UINode
  m_EditorClassIdentifier: 
  ErrorNodeNameIsEmpty: 0
  ErrorDuplicateNameFoundInGraph: 0
  m_inputSockets:
  - m_connectionMode: 1
    m_connections:
    - m_inputConnectionPoint: {x: 202, y: 4}
      m_outputConnectionPoint: {x: -2, y: 4}
      m_id: 9dee0e5d-31ee-4e38-8826-79480e7a351d
      m_inputNodeId: ed5f7eb2-92e2-48d7-9fca-95eee0d9a93c
      m_inputSocketId: 253ac8b6-0641-4857-8bc5-12d5c13d5145
      m_outputNodeId: 979015a9-9aae-4ebd-b83f-110d5e87ad56
      m_outputSocketId: e1549203-6201-4531-8c28-d23aaf52f265
    m_connectionPoints:
    - {x: -2, y: 4}
    - {x: 202, y: 4}
    m_direction: 0
    m_canBeDeleted: 0
    m_canBeReordered: 0
    m_curveModifier: 0
    m_height: 24
    m_width: 216
    m_x: 0
    m_y: 38
    m_id: 253ac8b6-0641-4857-8bc5-12d5c13d5145
    m_nodeId: ed5f7eb2-92e2-48d7-9fca-95eee0d9a93c
    m_socketName: InputSocket_0
    m_value: '{"ButtonCategory":"General","ButtonName":"Unnamed","GameEvent":"","TimeDelay":3.0,"Trigger":0}'
    m_valueTypeQualifiedName: Doozy.Engine.UI.Connections.UIConnection, Assembly-CSharp,
      Version=0.0.0.0, Culture=neutral, PublicKeyToken=null
  m_outputSockets:
  - m_connectionMode: 0
    m_connections: []
    m_connectionPoints:
    - {x: -2, y: 4}
    - {x: 202, y: 4}
    m_direction: 1
    m_canBeDeleted: 1
    m_canBeReordered: 1
    m_curveModifier: 0
    m_height: 24
    m_width: 216
    m_x: 0
    m_y: 62
    m_id: d6e963ef-5cb4-4e18-97e5-281fc06e1a1e
    m_nodeId: ed5f7eb2-92e2-48d7-9fca-95eee0d9a93c
    m_socketName: OutputSocket_0
    m_value: '{"ButtonCategory":"General","ButtonName":"Back","GameEvent":"","TimeDelay":3.0,"Trigger":0}'
    m_valueTypeQualifiedName: Doozy.Engine.UI.Connections.UIConnection, Assembly-CSharp,
      Version=0.0.0.0, Culture=neutral, PublicKeyToken=null
  m_nodeType: 4
  m_allowDuplicateNodeName: 0
  m_allowEmptyNodeName: 0
  m_canBeDeleted: 1
  m_debugMode: 0
  m_useFixedUpdate: 0
  m_useLateUpdate: 0
  m_useUpdate: 0
  m_height: 128
  m_width: 216
  m_x: 135.44112
  m_y: 635.0009
  m_minimumInputSocketsCount: 1
  m_minimumOutputSocketsCount: 1
  m_graphId: 695c2f00-2034-4562-9f24-39d9cfdaaf8d
  m_id: ed5f7eb2-92e2-48d7-9fca-95eee0d9a93c
  m_name: EvilWallNorth
  m_notes: 
  m_onEnterShowViews: []
  m_onEnterHideViews: []
  m_onExitShowViews: []
  m_onExitHideViews: []
--- !u!114 &4376704952492522371
MonoBehaviour:
  m_ObjectHideFlags: 1
  m_CorrespondingSourceObject: {fileID: 0}
  m_PrefabInstance: {fileID: 0}
  m_PrefabAsset: {fileID: 0}
  m_GameObject: {fileID: 0}
  m_Enabled: 1
  m_EditorHideFlags: 0
  m_Script: {fileID: 11500000, guid: 840a439e06374673a9115ed02deb5a54, type: 3}
  m_Name: UINode
  m_EditorClassIdentifier: 
  ErrorNodeNameIsEmpty: 0
  ErrorDuplicateNameFoundInGraph: 0
  m_inputSockets:
  - m_connectionMode: 1
    m_connections:
    - m_inputConnectionPoint: {x: 202, y: 4}
      m_outputConnectionPoint: {x: 202, y: 4}
      m_id: 451f8831-bc2b-496d-8442-36c770a1d6cb
      m_inputNodeId: b23beada-de5c-4d1b-81d6-e93a2db5a140
      m_inputSocketId: 279c6d8d-198f-4b51-bbcb-b1efef92c1c6
      m_outputNodeId: 89118f84-77b8-4a12-8911-3e1f77150ecf
      m_outputSocketId: 461b788f-ec8c-4131-985f-4c93ebb9434f
    - m_inputConnectionPoint: {x: 202, y: 4}
      m_outputConnectionPoint: {x: 202, y: 4}
      m_id: 5fca0007-8fd5-42a9-b204-82c86909ce24
      m_inputNodeId: b23beada-de5c-4d1b-81d6-e93a2db5a140
      m_inputSocketId: 279c6d8d-198f-4b51-bbcb-b1efef92c1c6
      m_outputNodeId: 7e009496-6637-4b7b-a4b6-4817304d2bad
      m_outputSocketId: 34f9040a-4e73-455f-9394-10a24cbd7bce
    m_connectionPoints:
    - {x: -2, y: 4}
    - {x: 202, y: 4}
    m_direction: 0
    m_canBeDeleted: 0
    m_canBeReordered: 0
    m_curveModifier: 0
    m_height: 24
    m_width: 216
    m_x: 0
    m_y: 38
    m_id: 279c6d8d-198f-4b51-bbcb-b1efef92c1c6
    m_nodeId: b23beada-de5c-4d1b-81d6-e93a2db5a140
    m_socketName: InputSocket_0
    m_value: '{"ButtonCategory":"General","ButtonName":"Unnamed","GameEvent":"","TimeDelay":3.0,"Trigger":0}'
    m_valueTypeQualifiedName: Doozy.Engine.UI.Connections.UIConnection, Assembly-CSharp,
      Version=0.0.0.0, Culture=neutral, PublicKeyToken=null
  m_outputSockets:
  - m_connectionMode: 0
    m_connections:
    - m_inputConnectionPoint: {x: 202, y: 4}
      m_outputConnectionPoint: {x: 202, y: 4}
      m_id: 682200df-5cd3-4a70-8f88-1c4db873458c
      m_inputNodeId: 89118f84-77b8-4a12-8911-3e1f77150ecf
      m_inputSocketId: 947fd943-13b1-4ed0-9b96-fb8eb3989d35
      m_outputNodeId: b23beada-de5c-4d1b-81d6-e93a2db5a140
      m_outputSocketId: 4bf6420b-8259-4c8d-acfe-70b904ed511d
    m_connectionPoints:
    - {x: -2, y: 4}
    - {x: 202, y: 4}
    m_direction: 1
    m_canBeDeleted: 1
    m_canBeReordered: 1
    m_curveModifier: 0
    m_height: 24
    m_width: 216
    m_x: 0
    m_y: 62
    m_id: 4bf6420b-8259-4c8d-acfe-70b904ed511d
    m_nodeId: b23beada-de5c-4d1b-81d6-e93a2db5a140
    m_socketName: OutputSocket_0
    m_value: '{"ButtonCategory":"Movimentation","ButtonName":"Right","GameEvent":"","TimeDelay":3.0,"Trigger":0}'
    m_valueTypeQualifiedName: Doozy.Engine.UI.Connections.UIConnection, Assembly-CSharp,
      Version=0.0.0.0, Culture=neutral, PublicKeyToken=null
  - m_connectionMode: 0
    m_connections:
    - m_inputConnectionPoint: {x: 202, y: 4}
      m_outputConnectionPoint: {x: 202, y: 4}
      m_id: 6bd80210-8937-4966-b227-1380d151b146
      m_inputNodeId: 7e009496-6637-4b7b-a4b6-4817304d2bad
      m_inputSocketId: 81766e3b-4652-4348-833f-3bdd89e41e98
      m_outputNodeId: b23beada-de5c-4d1b-81d6-e93a2db5a140
      m_outputSocketId: d07a3c4a-b4ab-4702-8eac-867830107535
    m_connectionPoints:
    - {x: -2, y: 4}
    - {x: 202, y: 4}
    m_direction: 1
    m_canBeDeleted: 1
    m_canBeReordered: 1
    m_curveModifier: 0
    m_height: 24
    m_width: 216
    m_x: 0
    m_y: 86
    m_id: d07a3c4a-b4ab-4702-8eac-867830107535
    m_nodeId: b23beada-de5c-4d1b-81d6-e93a2db5a140
    m_socketName: OutputSocket_1
    m_value: '{"ButtonCategory":"Movimentation","ButtonName":"Left","GameEvent":"","TimeDelay":3.0,"Trigger":0}'
    m_valueTypeQualifiedName: Doozy.Engine.UI.Connections.UIConnection, Assembly-CSharp,
      Version=0.0.0.0, Culture=neutral, PublicKeyToken=null
  m_nodeType: 4
  m_allowDuplicateNodeName: 0
  m_allowEmptyNodeName: 0
  m_canBeDeleted: 1
  m_debugMode: 0
  m_useFixedUpdate: 0
  m_useLateUpdate: 0
  m_useUpdate: 0
  m_height: 152
  m_width: 216
  m_x: 696
  m_y: 1188
  m_minimumInputSocketsCount: 1
  m_minimumOutputSocketsCount: 1
  m_graphId: 695c2f00-2034-4562-9f24-39d9cfdaaf8d
  m_id: b23beada-de5c-4d1b-81d6-e93a2db5a140
  m_name: EvilWallSouth
  m_notes: 
  m_onEnterShowViews:
  - Category: Walls
    InstantAction: 0
    Name: EvilWallSouth
  m_onEnterHideViews: []
  m_onExitShowViews: []
  m_onExitHideViews:
  - Category: Walls
    InstantAction: 0
    Name: EvilWallSouth
--- !u!114 &5348925721734304018
MonoBehaviour:
  m_ObjectHideFlags: 1
  m_CorrespondingSourceObject: {fileID: 0}
  m_PrefabInstance: {fileID: 0}
  m_PrefabAsset: {fileID: 0}
  m_GameObject: {fileID: 0}
  m_Enabled: 1
  m_EditorHideFlags: 0
  m_Script: {fileID: 11500000, guid: 840a439e06374673a9115ed02deb5a54, type: 3}
  m_Name: UINode
  m_EditorClassIdentifier: 
  ErrorNodeNameIsEmpty: 0
  ErrorDuplicateNameFoundInGraph: 0
  m_inputSockets:
  - m_connectionMode: 1
    m_connections:
    - m_inputConnectionPoint: {x: -2, y: 4}
      m_outputConnectionPoint: {x: 202, y: 4}
      m_id: 4c50eabb-8b55-4289-b37c-a6bec01bea85
      m_inputNodeId: 7e009496-6637-4b7b-a4b6-4817304d2bad
      m_inputSocketId: 81766e3b-4652-4348-833f-3bdd89e41e98
      m_outputNodeId: ecd8c6be-84a1-466f-974b-3aa9d2e76f2e
      m_outputSocketId: 4499461b-27dc-4079-822f-08b07b85ebcd
    - m_inputConnectionPoint: {x: 202, y: 4}
      m_outputConnectionPoint: {x: 202, y: 4}
      m_id: 4f7882b8-993c-47b1-8f5a-25f546d199b8
      m_inputNodeId: 7e009496-6637-4b7b-a4b6-4817304d2bad
      m_inputSocketId: 81766e3b-4652-4348-833f-3bdd89e41e98
      m_outputNodeId: 7dc19b1e-865b-4705-af7c-20bff4c06fe3
      m_outputSocketId: 99c79533-c1f8-4942-a8a0-9bbb34322a14
    - m_inputConnectionPoint: {x: 202, y: 4}
      m_outputConnectionPoint: {x: 202, y: 4}
      m_id: 6bd80210-8937-4966-b227-1380d151b146
      m_inputNodeId: 7e009496-6637-4b7b-a4b6-4817304d2bad
      m_inputSocketId: 81766e3b-4652-4348-833f-3bdd89e41e98
      m_outputNodeId: b23beada-de5c-4d1b-81d6-e93a2db5a140
      m_outputSocketId: d07a3c4a-b4ab-4702-8eac-867830107535
    m_connectionPoints:
    - {x: -2, y: 4}
    - {x: 202, y: 4}
    m_direction: 0
    m_canBeDeleted: 0
    m_canBeReordered: 0
    m_curveModifier: 0
    m_height: 24
    m_width: 216
    m_x: 0
    m_y: 38
    m_id: 81766e3b-4652-4348-833f-3bdd89e41e98
    m_nodeId: 7e009496-6637-4b7b-a4b6-4817304d2bad
    m_socketName: InputSocket_0
    m_value: '{"ButtonCategory":"General","ButtonName":"Unnamed","GameEvent":"","TimeDelay":3.0,"Trigger":0}'
    m_valueTypeQualifiedName: Doozy.Engine.UI.Connections.UIConnection, Assembly-CSharp,
      Version=0.0.0.0, Culture=neutral, PublicKeyToken=null
  m_outputSockets:
  - m_connectionMode: 0
    m_connections:
    - m_inputConnectionPoint: {x: 202, y: 4}
      m_outputConnectionPoint: {x: -2, y: 4}
      m_id: 220acdfc-610f-4206-8893-48e70c410f22
      m_inputNodeId: ecd8c6be-84a1-466f-974b-3aa9d2e76f2e
      m_inputSocketId: 5861a42c-c8f4-4353-adb4-f71af8200ddb
      m_outputNodeId: 7e009496-6637-4b7b-a4b6-4817304d2bad
      m_outputSocketId: f7c492ac-30bb-4242-a35c-9826bb4f68e3
    m_connectionPoints:
    - {x: -2, y: 4}
    - {x: 202, y: 4}
    m_direction: 1
    m_canBeDeleted: 1
    m_canBeReordered: 1
    m_curveModifier: 0
    m_height: 24
    m_width: 216
    m_x: 0
    m_y: 62
    m_id: f7c492ac-30bb-4242-a35c-9826bb4f68e3
    m_nodeId: 7e009496-6637-4b7b-a4b6-4817304d2bad
    m_socketName: OutputSocket_0
    m_value: '{"ButtonCategory":"Movimentation","ButtonName":"Right","GameEvent":"","TimeDelay":3.0,"Trigger":0}'
    m_valueTypeQualifiedName: Doozy.Engine.UI.Connections.UIConnection, Assembly-CSharp,
      Version=0.0.0.0, Culture=neutral, PublicKeyToken=null
  - m_connectionMode: 0
    m_connections:
    - m_inputConnectionPoint: {x: 202, y: 4}
      m_outputConnectionPoint: {x: 202, y: 4}
      m_id: 5fca0007-8fd5-42a9-b204-82c86909ce24
      m_inputNodeId: b23beada-de5c-4d1b-81d6-e93a2db5a140
      m_inputSocketId: 279c6d8d-198f-4b51-bbcb-b1efef92c1c6
      m_outputNodeId: 7e009496-6637-4b7b-a4b6-4817304d2bad
      m_outputSocketId: 34f9040a-4e73-455f-9394-10a24cbd7bce
    m_connectionPoints:
    - {x: -2, y: 4}
    - {x: 202, y: 4}
    m_direction: 1
    m_canBeDeleted: 1
    m_canBeReordered: 1
    m_curveModifier: 0
    m_height: 24
    m_width: 216
    m_x: 0
    m_y: 86
    m_id: 34f9040a-4e73-455f-9394-10a24cbd7bce
    m_nodeId: 7e009496-6637-4b7b-a4b6-4817304d2bad
    m_socketName: OutputSocket_1
    m_value: '{"ButtonCategory":"Movimentation","ButtonName":"Left","GameEvent":"","TimeDelay":3.0,"Trigger":0}'
    m_valueTypeQualifiedName: Doozy.Engine.UI.Connections.UIConnection, Assembly-CSharp,
      Version=0.0.0.0, Culture=neutral, PublicKeyToken=null
  - m_connectionMode: 0
    m_connections:
    - m_inputConnectionPoint: {x: 202, y: 4}
      m_outputConnectionPoint: {x: 202, y: 4}
      m_id: 40e35257-2723-4802-ba84-ccb65c27f85d
      m_inputNodeId: 7dc19b1e-865b-4705-af7c-20bff4c06fe3
      m_inputSocketId: e5096b9e-a8e4-45a3-965c-906f1ad20d9a
      m_outputNodeId: 7e009496-6637-4b7b-a4b6-4817304d2bad
      m_outputSocketId: f0f3d23f-fc26-46c5-8d52-b9104a0a17ad
    m_connectionPoints:
    - {x: -2, y: 4}
    - {x: 202, y: 4}
    m_direction: 1
    m_canBeDeleted: 1
    m_canBeReordered: 1
    m_curveModifier: 0
    m_height: 24
    m_width: 216
    m_x: 0
    m_y: 110
    m_id: f0f3d23f-fc26-46c5-8d52-b9104a0a17ad
    m_nodeId: 7e009496-6637-4b7b-a4b6-4817304d2bad
    m_socketName: OutputSocket_2
    m_value: '{"ButtonCategory":"Objects","ButtonName":"WestMirror","GameEvent":"","TimeDelay":3.0,"Trigger":0}'
    m_valueTypeQualifiedName: Doozy.Engine.UI.Connections.UIConnection, Assembly-CSharp,
      Version=0.0.0.0, Culture=neutral, PublicKeyToken=null
  m_nodeType: 4
  m_allowDuplicateNodeName: 0
  m_allowEmptyNodeName: 0
  m_canBeDeleted: 1
  m_debugMode: 0
  m_useFixedUpdate: 0
  m_useLateUpdate: 0
  m_useUpdate: 0
  m_height: 176
  m_width: 216
  m_x: 696
  m_y: 1392
  m_minimumInputSocketsCount: 1
  m_minimumOutputSocketsCount: 1
  m_graphId: 695c2f00-2034-4562-9f24-39d9cfdaaf8d
  m_id: 7e009496-6637-4b7b-a4b6-4817304d2bad
  m_name: EvilWallWest
  m_notes: 
  m_onEnterShowViews:
  - Category: Walls
    InstantAction: 0
    Name: EvilWallWest
  m_onEnterHideViews: []
  m_onExitShowViews: []
  m_onExitHideViews:
  - Category: Walls
    InstantAction: 0
    Name: EvilWallWest
--- !u!114 &5445289334148340767
MonoBehaviour:
  m_ObjectHideFlags: 1
  m_CorrespondingSourceObject: {fileID: 0}
  m_PrefabInstance: {fileID: 0}
  m_PrefabAsset: {fileID: 0}
  m_GameObject: {fileID: 0}
  m_Enabled: 1
  m_EditorHideFlags: 0
  m_Script: {fileID: 11500000, guid: d57ed238b12b4e09aba0c83117a55de7, type: 3}
  m_Name: StartNode
  m_EditorClassIdentifier: 
  ErrorNodeNameIsEmpty: 0
  ErrorDuplicateNameFoundInGraph: 0
  m_inputSockets: []
  m_outputSockets:
  - m_connectionMode: 0
    m_connections:
    - m_inputConnectionPoint: {x: -2, y: 4}
      m_outputConnectionPoint: {x: 106, y: 4}
      m_id: 03f0fbc2-e1a7-417b-875a-70fe3ea95c18
      m_inputNodeId: 979015a9-9aae-4ebd-b83f-110d5e87ad56
      m_inputSocketId: 2c9c8064-df8e-4e55-b601-388bc17b262d
      m_outputNodeId: 93a02258-836f-4952-9e8a-5427d9a8d08a
      m_outputSocketId: 908665bf-a5d2-4ede-bb90-43be298da264
    m_connectionPoints:
    - {x: -2, y: 4}
    - {x: 106, y: 4}
    m_direction: 1
    m_canBeDeleted: 0
    m_canBeReordered: 0
    m_curveModifier: 0
    m_height: 24
    m_width: 120
    m_x: 0
    m_y: 38
    m_id: 908665bf-a5d2-4ede-bb90-43be298da264
    m_nodeId: 93a02258-836f-4952-9e8a-5427d9a8d08a
    m_socketName: OutputSocket_0
    m_value: '{"ButtonCategory":"General","ButtonName":"Unnamed","GameEvent":"","TimeDelay":3.0,"Trigger":0}'
    m_valueTypeQualifiedName: Doozy.Engine.UI.Connections.UIConnection, Assembly-CSharp,
      Version=0.0.0.0, Culture=neutral, PublicKeyToken=null
  m_nodeType: 0
  m_allowDuplicateNodeName: 0
  m_allowEmptyNodeName: 0
  m_canBeDeleted: 0
  m_debugMode: 0
  m_useFixedUpdate: 0
  m_useLateUpdate: 0
  m_useUpdate: 0
  m_height: 80
  m_width: 120
  m_x: -168
  m_y: 384
  m_minimumInputSocketsCount: 1
  m_minimumOutputSocketsCount: 1
  m_graphId: 695c2f00-2034-4562-9f24-39d9cfdaaf8d
  m_id: 93a02258-836f-4952-9e8a-5427d9a8d08a
  m_name: Start
  m_notes: 
  ErrorNodeIsNotConnected: 0
--- !u!114 &5891976509608780554
MonoBehaviour:
  m_ObjectHideFlags: 1
  m_CorrespondingSourceObject: {fileID: 0}
  m_PrefabInstance: {fileID: 0}
  m_PrefabAsset: {fileID: 0}
  m_GameObject: {fileID: 0}
  m_Enabled: 1
  m_EditorHideFlags: 0
  m_Script: {fileID: 11500000, guid: 840a439e06374673a9115ed02deb5a54, type: 3}
  m_Name: UINode
  m_EditorClassIdentifier: 
  ErrorNodeNameIsEmpty: 0
  ErrorDuplicateNameFoundInGraph: 0
  m_inputSockets:
  - m_connectionMode: 1
    m_connections:
    - m_inputConnectionPoint: {x: -2, y: 4}
      m_outputConnectionPoint: {x: 202, y: 4}
      m_id: ae2a2f29-7778-42e7-94fb-6369ba8fb83d
      m_inputNodeId: 124a4324-7ba1-4025-91ea-aab5bdb5c3de
      m_inputSocketId: a7f1a43e-7f2e-46b6-9e41-496a9051043b
      m_outputNodeId: 7dc19b1e-865b-4705-af7c-20bff4c06fe3
      m_outputSocketId: 01f99d94-9ae9-42d8-9dc3-25baf081ece4
    m_connectionPoints:
    - {x: -2, y: 4}
    - {x: 202, y: 4}
    m_direction: 0
    m_canBeDeleted: 0
    m_canBeReordered: 0
    m_curveModifier: 0
    m_height: 24
    m_width: 216
    m_x: 0
    m_y: 38
    m_id: a7f1a43e-7f2e-46b6-9e41-496a9051043b
    m_nodeId: 124a4324-7ba1-4025-91ea-aab5bdb5c3de
    m_socketName: InputSocket_0
    m_value: '{"ButtonCategory":"General","ButtonName":"Unnamed","GameEvent":"","TimeDelay":3.0,"Trigger":0}'
    m_valueTypeQualifiedName: Doozy.Engine.UI.Connections.UIConnection, Assembly-CSharp,
      Version=0.0.0.0, Culture=neutral, PublicKeyToken=null
  m_outputSockets:
  - m_connectionMode: 0
    m_connections:
    - m_inputConnectionPoint: {x: 202, y: 4}
      m_outputConnectionPoint: {x: -2, y: 4}
      m_id: bb72e7cf-97f4-4de5-8535-17392f18fae5
      m_inputNodeId: 7dc19b1e-865b-4705-af7c-20bff4c06fe3
      m_inputSocketId: e5096b9e-a8e4-45a3-965c-906f1ad20d9a
      m_outputNodeId: 124a4324-7ba1-4025-91ea-aab5bdb5c3de
      m_outputSocketId: 8d2cafa0-f51d-4999-8eb0-86c06149d032
    m_connectionPoints:
    - {x: -2, y: 4}
    - {x: 202, y: 4}
    m_direction: 1
    m_canBeDeleted: 1
    m_canBeReordered: 1
    m_curveModifier: 0
    m_height: 24
    m_width: 216
    m_x: 0
    m_y: 62
    m_id: 8d2cafa0-f51d-4999-8eb0-86c06149d032
    m_nodeId: 124a4324-7ba1-4025-91ea-aab5bdb5c3de
    m_socketName: OutputSocket_0
    m_value: '{"ButtonCategory":"Objects","ButtonName":"ZoomOutChest","GameEvent":"","TimeDelay":3.0,"Trigger":0}'
    m_valueTypeQualifiedName: Doozy.Engine.UI.Connections.UIConnection, Assembly-CSharp,
      Version=0.0.0.0, Culture=neutral, PublicKeyToken=null
  m_nodeType: 4
  m_allowDuplicateNodeName: 0
  m_allowEmptyNodeName: 0
  m_canBeDeleted: 1
  m_debugMode: 0
  m_useFixedUpdate: 0
  m_useLateUpdate: 0
  m_useUpdate: 0
  m_height: 128
  m_width: 216
  m_x: 1092
  m_y: 768
  m_minimumInputSocketsCount: 1
  m_minimumOutputSocketsCount: 1
  m_graphId: 695c2f00-2034-4562-9f24-39d9cfdaaf8d
  m_id: 124a4324-7ba1-4025-91ea-aab5bdb5c3de
  m_name: Cofre
  m_notes: 
  m_onEnterShowViews:
  - Category: Walls
    InstantAction: 0
    Name: Cofre
  m_onEnterHideViews: []
  m_onExitShowViews: []
  m_onExitHideViews:
  - Category: Walls
    InstantAction: 0
    Name: Cofre
--- !u!114 &7739765522106882201
MonoBehaviour:
  m_ObjectHideFlags: 1
  m_CorrespondingSourceObject: {fileID: 0}
  m_PrefabInstance: {fileID: 0}
  m_PrefabAsset: {fileID: 0}
  m_GameObject: {fileID: 0}
  m_Enabled: 1
  m_EditorHideFlags: 0
  m_Script: {fileID: 11500000, guid: 840a439e06374673a9115ed02deb5a54, type: 3}
  m_Name: UINode
  m_EditorClassIdentifier: 
  ErrorNodeNameIsEmpty: 0
  ErrorDuplicateNameFoundInGraph: 1
  m_inputSockets:
  - m_connectionMode: 1
    m_connections: []
    m_connectionPoints:
    - {x: -2, y: 4}
    - {x: 202, y: 4}
    m_direction: 0
    m_canBeDeleted: 0
    m_canBeReordered: 0
    m_curveModifier: 0
    m_height: 24
    m_width: 216
    m_x: 0
    m_y: 38
    m_id: a4761823-a621-4ec6-bd46-8fdf836b0136
    m_nodeId: b53ea60d-b7c2-459c-b963-bb7e4e520288
    m_socketName: InputSocket_0
    m_value: '{"ButtonCategory":"General","ButtonName":"Unnamed","GameEvent":"","TimeDelay":3.0,"Trigger":0}'
    m_valueTypeQualifiedName: Doozy.Engine.UI.Connections.UIConnection, Assembly-CSharp,
      Version=0.0.0.0, Culture=neutral, PublicKeyToken=null
  m_outputSockets:
  - m_connectionMode: 0
    m_connections: []
    m_connectionPoints:
    - {x: -2, y: 4}
    - {x: 202, y: 4}
    m_direction: 1
    m_canBeDeleted: 1
    m_canBeReordered: 1
    m_curveModifier: 0
    m_height: 24
    m_width: 216
    m_x: 0
    m_y: 62
    m_id: 2bc9f52b-ef05-4079-b067-aa071ea0f221
    m_nodeId: b53ea60d-b7c2-459c-b963-bb7e4e520288
    m_socketName: OutputSocket_0
    m_value: '{"ButtonCategory":"Movimentation","ButtonName":"Right","GameEvent":"","TimeDelay":3.0,"Trigger":0}'
    m_valueTypeQualifiedName: Doozy.Engine.UI.Connections.UIConnection, Assembly-CSharp,
      Version=0.0.0.0, Culture=neutral, PublicKeyToken=null
  - m_connectionMode: 0
    m_connections: []
    m_connectionPoints:
    - {x: -2, y: 4}
    - {x: 202, y: 4}
    m_direction: 1
    m_canBeDeleted: 1
    m_canBeReordered: 1
    m_curveModifier: 0
    m_height: 24
    m_width: 216
    m_x: 0
    m_y: 86
    m_id: 5dacbc4a-f0b2-4db3-8c6d-3d463f1d38cf
    m_nodeId: b53ea60d-b7c2-459c-b963-bb7e4e520288
    m_socketName: OutputSocket_1
    m_value: '{"ButtonCategory":"Movimentation","ButtonName":"Left","GameEvent":"","TimeDelay":3.0,"Trigger":0}'
    m_valueTypeQualifiedName: Doozy.Engine.UI.Connections.UIConnection, Assembly-CSharp,
      Version=0.0.0.0, Culture=neutral, PublicKeyToken=null
  - m_connectionMode: 0
    m_connections: []
    m_connectionPoints:
    - {x: -2, y: 4}
    - {x: 202, y: 4}
    m_direction: 1
    m_canBeDeleted: 1
    m_canBeReordered: 1
    m_curveModifier: 0
    m_height: 24
    m_width: 216
    m_x: 0
    m_y: 110
    m_id: 1e8090cc-1af8-428a-8c93-523d322074c9
    m_nodeId: b53ea60d-b7c2-459c-b963-bb7e4e520288
    m_socketName: OutputSocket_2
    m_value: '{"ButtonCategory":"Movimentation","ButtonName":"NorthMirror","GameEvent":"","TimeDelay":3.0,"Trigger":0}'
    m_valueTypeQualifiedName: Doozy.Engine.UI.Connections.UIConnection, Assembly-CSharp,
      Version=0.0.0.0, Culture=neutral, PublicKeyToken=null
  m_nodeType: 4
  m_allowDuplicateNodeName: 0
  m_allowEmptyNodeName: 0
  m_canBeDeleted: 1
  m_debugMode: 0
  m_useFixedUpdate: 0
  m_useLateUpdate: 0
  m_useUpdate: 0
  m_height: 176
  m_width: 216
  m_x: 71.15541
  m_y: 663.5724
  m_minimumInputSocketsCount: 1
  m_minimumOutputSocketsCount: 1
  m_graphId: 695c2f00-2034-4562-9f24-39d9cfdaaf8d
  m_id: b53ea60d-b7c2-459c-b963-bb7e4e520288
  m_name: NormalWallNorth
  m_notes: 
  m_onEnterShowViews:
  - Category: Walls
    InstantAction: 0
    Name: NormalWallNorth
  m_onEnterHideViews: []
  m_onExitShowViews: []
  m_onExitHideViews:
  - Category: Walls
    InstantAction: 0
    Name: NormalWallNorth
